@phdthesis{REST2000,
  author      = {Fielding, Roy Thomas},
  school      = {University of California, Irvine},
  title       = {Architectural Styles and the Design of Network-based Software Architectures},
  year        = {2000},
}
